@online{AfterTheDeadline,
  author  = {},
  title   = {After the Deadline - Spell, Style, and Grammar Checker for WordPress, Firefox, TinyMCE, jQuery, and CKEditor},
  date    = {2012},
  urldate = {2012-12-31},
  url     = {http://www.afterthedeadline.com/}
}

@online{MeCab,
  author  = {Kudo, Taku},
  title   = {{MeCab: Yet Another Japanese Dependency Structure Analyzer}},
  date    = {2012},
  urldate = {2012-12-10},
  url     = {https://code.google.com/p/mecab/},
  optversion = {0.994}
}

@online{CaboCha,
  author  = {Kudo, Taku and Yuji Matsumoto},
  title   = {{CaboCha: Yet Another Japanese Dependency Structure Analyzer}},
  date    = {2012},
  urldate = {2012-12-10},
  url     = {https://code.google.com/p/cabocha/},
  optversion = {0.65}
}

@online{ChantoKun,
  author  = {Kasahara, Seiji},
  title   = {Chantokun ---tōkeiteki nihongo kōsei--- {[Chantokun ---statistical correction of Japanese---]}},
  date    = {2012},
  urldate = {2012-12-10},
  url     = {http://cl.naist.jp/chantokun/},
}

@online{Tomarigi,
  author  = {},
  title   = {Tomarigi (kōsei suikō shien tsūru) [{Tomarigi} (proofreading and revision support tool)]},
  date    = {2012},
  urldate = {2012-12-10},
  url     = {http://www.pawel.jp/outline_of_tools/tomarigi/}
}

@online{Slate,
  author  = {},
  organization = {Tokunaga Laboratory},
  title   = {Slate: A multipurpose annotation tool},
  date    = {2012},
  urldate = {2012-12-10},
  url     = {http://www.cl.cs.titech.ac.jp/slate/}
}

@online{SketchEngine,
  author  = {},
  title   = {Sketch Engine: SketchEngine},
  date    = {2012},
  urldate = {2012-12-10},
  url     = {http://www.sketchengine.co.uk/}
}

@online{JapaneseWordNet,
  author  = {Hitoshi Isahara and Francis Bond and Kyoko Kanzaki and Kiyotaka Uchimoto and Kow Kuroda and Takayuki Kuribayashi and Masao Utiyama and Darren Cook and Asuka Sumida and Kentaro Torisawa},
  title   = {{Japanese WordNet}},
  date    = {2012},
  urldate = {2012-12-10},
  url     = {http://nlpwww.nict.go.jp/wn-ja/index.en.html},
  optversion = {1.1}
}

@online{BCCWJ,
  author  = {},
  title   = {},
  date    = {2012},
  urldate = {2012-12-10},
  url     = {http://www.ninjal.ac.jp/english/products/bccwj/},
}

@online{Rikaicom,
  author  = {Todd Rudick},
  title   = {Rikai},
  date    = {2012},
  urldate = {2012-12-10},
  url     = {http://www.rikai.com},
}

@online{ReadingTutor,
  author  = {Kawamura, Yoshiko and Tatsuya Kitamura and Rei Hobara},
  title   = {Japanese Language Reading Tutorial System},
  date    = {2012},
  urldate = {2012-12-10},
  url     = {http://language.tiu.ac.jp/},
}

@online{jcorrect,
  author  = {Oosaki, Hiroyuki},
  title   = {Tips for technical writing},
  date    = {2006},
  urldate = {2012-12-10},
  url     = {http://www.ispl.jp/~oosaki/research/tips-jcorrect/},
}

@article{schramm1955,
  author= {Schramm, Wilburt},
  title = {The Process and Effects of Mass Communication},
  year  = {1955},
  publisher = {University of Illinois Press},
  pages = {3--10, 13, 17},
  location = {Urbana, IL}
}

@article{schramm1997communication,
  title={How communication works},
  author={Schramm, Wilburt},
  journal={Mass media \& society},
  pages={51--66},
  year={1997},
  related={schramm1955},
  relatedtype={reprintof}
}

@article{dale2011automated,
  title={Automated Writing Assistance: Grammar Checking and Beyond},
  author={Dale, Robert},
  year={2011}
}

@inproceedings{dale2012framework,
  title={A framework for evaluating text correction},
  author={Dale, Robert and Narroway, George},
  booktitle={Proceedings of the Eight International Conference on Language Resources and Evaluation, Istanbul, Turkey},
  pages={21--27},
  year={2012}
}

@article{hoard1992automated,
  title={An automated grammar and style checker for writers of Simplified English},
  author={Hoard, James E and Wojcik, Richard and Holzhauser, Katherina},
  journal={Computers and Writing: State of the Art},
  pages={278--296},
  year={1992}
}

@article{heidorn2000intelligent,
  title={Intelligent writing assistance},
  author={Heidorn, George},
  editors={Robert Dale and Hermann Moisl and Harold Somers},
  journal={Handbook of Natural Language Processing},
  pages={181--207},
  year={2000},
  publisher={Marcel Dekker, Inc}
}

@article{godwin2008emerging,
  title={Emerging technologies: Web-writing 2.0: Enabling, documenting, and assessing writing online},
  author={Godwin-Jones, Robert},
  journal={Language Learning \& Technology},
  volume={12},
  number={2},
  pages={7--13},
  year={2008}
}

@inproceedings{Helfrich:2000:DEG:992730.992800,
 author = {Helfrich, Antje and Music, Bradley},
 title = {Design and evaluation of grammar checkers in multiple languages},
 booktitle = {Proceedings of the 18th conference on Computational linguistics - Volume 2},
 series = {COLING '00},
 year = {2000},
 location = {Saarbr\&\#252;cken, Germany},
 pages = {1036--1040},
 numpages = {5},
 url = {http://dx.doi.org/10.3115/992730.992800},
 doi = {10.3115/992730.992800},
 acmid = {992800},
 publisher = {Association for Computational Linguistics},
 address = {Stroudsburg, PA, USA},
}

@inproceedings{Brockett:2006:CEE:1220175.1220207,
 author = {Brockett, Chris and Dolan, William B. and Gamon, Michael},
 title = {Correcting ESL errors using phrasal SMT techniques},
 booktitle = {Proceedings of the 21st International Conference on Computational Linguistics and the 44th annual meeting of the Association for Computational Linguistics},
 series = {ACL-44},
 year = {2006},
 location = {Sydney, Australia},
 pages = {249--256},
 numpages = {8},
 url = {http://dx.doi.org/10.3115/1220175.1220207},
 doi = {10.3115/1220175.1220207},
 acmid = {1220207},
 publisher = {Association for Computational Linguistics},
 address = {Stroudsburg, PA, USA},
}

@inproceedings{Gotti:2011:ROF:1964750.1964787,
 author = {Gotti, Fabrizio and Langlais, Philippe and Lapalme, Guy and Charest, Simon and Brunelle, \'{E}ric},
 title = {Reducing overdetections in a French symbolic grammar checker by classification},
 booktitle = {Proceedings of the 12th international conference on Computational linguistics and intelligent text processing - Volume Part II},
 series = {CICLing'11},
 year = {2011},
 isbn = {978-3-642-19436-8},
 location = {Tokyo, Japan},
 pages = {390--401},
 numpages = {12},
 url = {http://dl.acm.org/citation.cfm?id=1964750.1964787},
 acmid = {1964787},
 publisher = {Springer-Verlag},
 address = {Berlin, Heidelberg},
}

@INPROCEEDINGS{346488,
author={Oakman, R.L.},
booktitle={Tools with Artificial Intelligence, 1994. Proceedings., Sixth International Conference on}, title={The evolution of intelligent writing assistants: trends and future prospects},
year={1994},
month={nov},
volume={},
number={},
pages={233 -234},
keywords={Collaborative work;Computer science;Laboratories;Microcomputers;Monitoring;Pattern matching;Software packages;Table lookup;Telephony;Writing; knowledge based systems; multimedia computing; natural language interfaces; word processing; MediaLink; NLP research; enhanced word processors; future prospects; grammar checkers; intelligent writing assistants; natural language processing; online interactive group writing systems; research advances; software packages; style checkers; style checking; writing assistance;},
doi={10.1109/TAI.1994.346488},
ISSN={},}

@article{shardlow2012bayesian,
  title={Bayesian Lexical Simplification},
  author={Shardlow, Matthew},
  year={2012}
}

@article{mozgovoy2010extensible,
  title={Extensible Dependency Grammar for Education: Ideas and Experiments},
  author={Mozgovoy, Maxim},
  year={2010}
}

@inproceedings{oakman1994evolution,
  title={The evolution of intelligent writing assistants: trends and future prospects},
  author={Oakman, Robert L},
  booktitle={Tools with Artificial Intelligence, 1994. Proceedings., Sixth International Conference on},
  pages={233--234},
  year={1994},
  organization={IEEE}
}

@inproceedings{sun2007detecting,
  title={Detecting erroneous sentences using automatically mined sequential patterns},
  author={Sun, Guihua and Liu, Xiaohua and Cong, Gao and Zhou, Ming and Xiong, Zhongyang and Lee, John and Lin, Chin-Yew},
  booktitle={Annual Meeting-Association for Computational Linguistics},
  volume={45},
  number={1},
  pages={81},
  year={2007}
}

@inproceedings{leacock2009user,
  title={User input and interactions on Microsoft Research ESL Assistant},
  author={Leacock, Claudia and Gamon, Michael and Brockett, Chris},
  booktitle={Proceedings of the Fourth Workshop on Innovative Use of NLP for Building Educational Applications},
  pages={73--81},
  year={2009},
  organization={Association for Computational Linguistics}
}

@article{vernon2000computerized,
  title={Computerized grammar checkers 2000: Capabilities, limitations, and pedagogical possibilities},
  author={Vernon, Alex},
  journal={Computers and Composition},
  volume={17},
  number={3},
  pages={329--349},
  year={2000},
  publisher={Elsevier}
}

@inproceedings{lee2007detection,
  title={Detection of non-native sentences using machine-translated training data},
  author={Lee, John and Zhou, Ming and Liu, Xiaohua},
  booktitle={Human Language Technologies 2007: The Conference of the North American Chapter of the Association for Computational Linguistics; Companion Volume, Short Papers},
  pages={93--96},
  year={2007},
  organization={Association for Computational Linguistics}
}

@inproceedings{bernstein2010soylent,
  title={Soylent: a word processor with a crowd inside},
  author={Bernstein, Michael S and Little, Greg and Miller, Robert C and Hartmann, Bj{\"o}rn and Ackerman, Mark S and Karger, David R and Crowell, David and Panovich, Katrina},
  booktitle={Proceedings of the 23nd annual ACM symposium on User interface software and technology},
  pages={313--322},
  year={2010},
  organization={ACM}
}



@InProceedings{HAN2010,
  author = {Na-Rae Han and Joel Tetreault and Soo-Hwa Lee and Jin-Young Ha},
  title = {Using an Error-Annotated Learner Corpus to Develop an {ESL}/{EFL} Error Correction System},
  booktitle = {Proceedings of the Seventh International Conference on Language Resources and Evaluation ({LREC}'10)},
  year = {2010},
  month = {may},
  date = {19-21},
  address = {Valletta, Malta},
  editor = {Nicoletta Calzolari and Khalid Choukri and Bente Maegaard and Joseph Mariani and Jan Odijk and Stelios Piperidis and Mike Rosner and Daniel Tapias},
  publisher = {European Language Resources Association (ELRA)},
  isbn = {2-9517408-6-7},
  url = {https://www.cs.rochester.edu/~tetreaul/han-lrec10-final.pdf},
  language = {english}
}

@article{Felice2009,
  title = {Automatic Detection of Preposition Errors in Learner Writing},
  journaltitle = {The Computer Assisted Language Instruction Consortium ({CALICO}) Journal},
  author = {Rachele De Felice and Pulman, Stephen},
  vol = {26},
  no  = {3},
  month = {may},
  year = {2009},
  url = {https://calico.org/memberBrowse.php?action=article&id=758}
}

@article{ALAHodoscek2011,
	author = {Bor Hodošček},
	title = {Word Class Ratios and Genres in Written {J}apanese},
	subtitle = {Revisiting the {Modifier Verb Ratio}},
	journaltitle = {{Acta Linguistica Asiatica}},
	year = {2011},
	editor = {Andrej Bekeš and Mateja Petrovčič},
	volume = {1},
	number = {2},
	pages = {53-62},
	issn = {2232-3317},
	url = {http://revije.ff.uni-lj.si/ala/article/view/28/37},
        keywords = {bor}
}

@article{ALAHodoscek2012,
	author = {Bor Hodošček and Nishina, Kikuko},
	title = {Japanese Learning Support Systems},
        subtitle = {Hinoki Project Report},
	journaltitle = {{Acta Linguistica Asiatica}},
        issuetitle = {{Lexicography of Japanese as a Second/Foreign Language (Part 2)}},
	year = {2012},
	editor = {Andrej Bekeš and Mateja Petrovčič},
	volume = {2},
	number = {3},
	pages = {?--?},
	issn = {},
	url = {http://revije.ff.uni-lj.si/ala/article/view/221},
        keywords = {bor}
}

@inproceedings{Abekawa2010,
	author = {Takeshi Abekawa and Bor Hodošček and Kikuko Nishina},
	title = {Collocation Search Refinements in the Natsume Writing Support System},
	booktitle = {Tokutei ryōiki `Nihongo kōpasu' hēsē 21 nendo kōkai wākushoppu (kenkyū sēka hōkokukai) yokōshū},
	pages = {243-244},
	year = {2010},
        keywords = {bor}
}

@inbook{AsakuraHodoscek2012,
	title = {コーパスの収集・説明・ジャンル，実験と分析},
	year = {2012（予定）},
	author = {Bor Hodošček},
	booktitle = {『講座　日本語コーパス』},
	optbookauthor = {},
	editor = {砂川有里子},
	opteditora = {},
	opteditorb = {},
	opteditorc = {},
	volume = {5},
	part = {},
	volumes = {8},
	optseries = {},
	optnumber = {},
	optnote = {},
	publisher = {朝倉書店},
	optisbn = {},
	chapter = {5},
	pages = {},
	doi = {},
	opturl = {},
	opturldate = {},
        keywords = {bor}
}

@inbook{AsakuraHodoscek2012E,
	title = {Kōpasu no shūshū, setsumei, janru; jikken to bunseki [{Corpus} collection, explanation and genre; {Experiment} and analysis]},
	year = {2013},
        PUBSTATE = {inpress},
	author = {Bor Hodošček},
	booktitle = {Kōza nihongo kōpasu [{J}apanese corpus textbook series]},
	optbookauthor = {},
	editor = {Yuriko Sunakawa},
	opteditora = {},
	opteditorb = {},
	opteditorc = {},
	volume = {5},
	part = {},
	volumes = {8},
	optseries = {},
	optnumber = {},
	optnote = {},
	publisher = {Asakura Publishing Co., Ltd.},
	optisbn = {},
	chapter = {5},
	pages = {},
	doi = {},
	opturl = {},
	opturldate = {},
        keywords = {bor}
}

@book{Bawarshi2010,
	author = {Bawarshi, Anis S. and Reiff, Mary Jo},
	title = {Genre},
	subtitle = {An Introduction to History, Theory, Research, and Pedagogy},
	publisher = {Parlor Press and The WAC Clearinghouse},
	year = {2010}
}

@article{Benjamin2012,
	author = {Benjamin, Rebekah George},
	year = {2012},
	title = {Reconstructing Readability},
	subtitle = {Recent Developments and Recommendations in the Analysis of Text Difficulty},
	journaltitle = {Educ Psychol Rev},
	volume = {24},
	pages = {63--88},
	doi = {10.1007/s10648-011-9181-8}
}

@article{Biber1993,
	author = {Biber, Douglas},
	title = {Representativeness in Corpus Design},
	journaltitle = {Literary and Linguistic Computing},
	volume = {8},
	number = {4},
	publisher = {Oxford University Press},
	pages = {243--257},
	year = {1993}
}

@book{Biber1995,
	author = {Biber, Douglas},
	title = {Dimensions of register variation},
	subtitle = {A cross-linguistic comparison},
	publisher = {Cambridge University Press},
	location = {Cambridge},
	year = {1995}
}

@book{Biber2009,
	author = {Biber, Douglas and Conrad, Susan},
	title = {Register, Genre, and Style},
	publisher = {Cambridge Textbooks in Linguistics},
	location = {Cambridge},
	year = {2009}
}

@book{Bod1998,
	author = {Rens, Bod},
	title = {Beyond Grammar},
	subtitle = {An Experience-Based Theory of Language},
	publisher = {CSLI Publications},
	year = {1998}
}

@inproceedings{Bond2009,
	author = {Francis Bond and Isahara, Hitoshi and Fujita, Sanae and Uchimoto, Kiyotaka and Kuribayashi, Takayuki and Kanzaki, Kyoko},
	title = {Enhancing the {Japanese WordNet}},
	year = {2009},
	eventtitle = {The 7$^{\textrm{th}}$ Workshop on {Asian Language Resources}},
	organization = {ACL-IJCNLP 2009},
	location = {Singapore},
	month = {August},
	pages = {1--8},
}

@book{Bonjinsha2011,
        year = {2012},
	origtitle = {Nihongo gakushūsien no kōchiku: {Gengo} kyōiku kōpasu shisutemu kaihatu},
	title = {Constructing {Japanese} Language Learning: {Language} education, corpus and system development},
	editor = {Nishina, Kikuko and Michiko Kamada and Cao, Hongquan and Utashiro, Takafumi and Muraoka, Takako},
	part = {3},
	publisher = {Bonjinsha},
	location = {Tokyo},
	isbn = {9784893588227}
}

@book{Bonjinsha2011J,
        year = {2012},
	title = {日本語学習支援の構築 言語教育・コーパス・システム開発},
	editor = {仁科喜久子監修},
	part = {3},
	publisher = {凡人社},
	location = {東京},
	isbn = {9784893588227}
}

@inbook{BonjinshaHodoscek2011,
	title = {作文支援とレジスター},
	year = {2012},
	author = {Bor Hodošček},
	booktitle = {『日本語学習支援の構築』},
	booksubtitle = {言語教育・コーパス・システム開発},
	optbookauthor = {},
	editor = {鎌田美千子 and 曹紅荃 and 歌代崇史 and 村岡貴子},
	opteditora = {},
	opteditorb = {},
	opteditorc = {},
	optpart = {},
	publisher = {凡人社},
	location = {東京？},
	isbn = {9784893588227},
	chapter = {3},
	pages = {??-??},
	doi = {},
        keywords = {bor}
}

@inbook{BonjinshaChapterThree2011E,
	title = {Nihongo gakushyū sien sisutemu kaihatu},
        year = {2012},
	author = {...},
	booktitle = {Nihongo gakusyūsien no kōtiku: gengokyōiku kōpasu sisutemu kaihatu [Constructing Japanese Language Learning: Language education, corpus and system development]},
	bookauthor = {Nishina, Kikuko},
	editor = {Nishina, Kikuko and Michiko Kamada and Cao, Hongquan and Utashiro, Takafumi and Muraoka, Takako},
	part = {3},
	publisher = {Bonjinsha},
	location = {Tokyo},
	isbn = {9784893588227},
	pages = {185--287},
	doi = {}
}

@inbook{BonjinshaHodoscek2011E,
	title = {Sakubun sien to rejisutā [{Writing assistance and register}]},
        year = {2012},
	author = {Hodošček, Bor},
	booktitle = {{Nihongo gakusyūsien no kōtiku: gengokyōiku kōpasu sisutemu kaihatu [Constructing Japanese Language Learning: Language education, corpus and system development]}},
	optbookauthor = {},
	editor = {Nishina, Kikuko and Michiko Kamada and Cao, Hongquan and Utashiro, Takafumi and Muraoka, Takako},
	opteditora = {},
	opteditorb = {},
	opteditorc = {},
	part = {3},
	publisher = {Bonjinsha},
	location = {Tokyo},
	isbn = {9784893588227},
	optchapter = {},
	pages = {275--287},
	doi = {},
        keywords = {bor}
}

@inbook{BonjinshaYagiSuzuki2011E,
	title = {Gakushūsha sakubun kōpasu no kōchiku to goyō no bunseki [{Construction of learner corpus and error analysis}]},
        year = {2012},
	author = {Yagi, Yutaka and Taizan Suzuki},
	booktitle = {{Nihongo gakushūshien no kōchiku: gengokyōiku kōpasu shisutemu kaihatsu [Constructing Japanese Language Learning: Language education, corpus and system development]}},
	bookauthor = {Nishina, Kikuko},
	editor = {Nishina, Kikuko and Michiko Kamada and Cao, Hongquan and Utashiro, Takafumi and Muraoka, Takako},
	part = {3},
	publisher = {Bonjinsha},
	location = {Tokyo},
	isbn = {9784893588227},
	optchapter = {},
	pages = {249--274},
	doi = {}
}

@inbook{BonjinshaAbekawa2011E,
	title = {Nihongo sakubun sien sisutemu {Natsume} [{Japanese writing support system Natsume}]},
        year = {2012},
	author = {Abekawa, Takeshi},
	booktitle = {{Nihongo gakusyūsien no kōtiku: gengokyōiku kōpasu sisutemu kaihatu [Constructing Japanese Language Learning: Language education, corpus and system development]}},
	bookauthor = {Nishina, Kikuko},
	editor = {Nishina, Kikuko and Michiko Kamada and Cao, Hongquan and Utashiro, Takafumi and Muraoka, Takako},
	part = {3},
	publisher = {Bonjinsha},
	location = {Tokyo},
	isbn = {9784893588227},
	optchapter = {},
	pages = {229--248},
	doi = {}
}

@article{Cao2010,
        author = {Cao, Hongquan and Kikuko Nishina},
        title  = {Establishment of Error Classification Framework for Error Database},
        journaltitle= {Journal of {Japanese} language education methods},
        volume = {18},
        number = {1},
        pages  = {38--39},
        year   = {2010}
}

@InProceedings{CaoICJLE2010,
        author   = {Cao, Hongquan and Fumihiko Kuroda and Yutaka Yagi and Taizan Suzuki and Kikuko Nishina},
        title    = {{Constrction of learner error database for composition assistance: Focus on error analysis of verbs}},
        origtitle= {Gakushūsha sakubun shien shisutemu no tame no goyō dētabēsu sakusei: Dōshi no goyō bunseki o chūshin ni}, %{学習者作文支援システムのための誤用データベース作成－動詞の誤用分析を中心に－},
        year = {2010},
        eventtitle = {{International Conference on Japanese Language Education 2010}},
        volume = {2},
        location = {Taipei, Taiwan},
        month = {July},
        pages = {1571--1579}
}

@InProceedings{CaoICJLE2011,
        author   = {Cao, Hongquan and Fumihiko Kuroda and Yutaka Yagi and Kikuko Nishina},
	editor = {},
        title    = {Analysis of Error Classfication Framework for Learner Corpus},
	year = {2011},
	eventtitle = {{International Conference on Japanese Language Education 2011}},
	volume = {2},
	location = {Tianjin, China},
	month = {August},
	pages = {520--521}
}

@inproceedings{CASTELJHodoscek2012,
	author = {Bor Hodošček and Takeshi Abekawa and Masao Murota and Kikuko Nishina},
	editor = {},
	title = {Readability of example sentences in writing assistance tool {Natsume}},
	year = {2012},
	eventtitle = {5$^{\textrm{th}}$ International Conference on {C}omputer {A}ssisted {S}ystems For {T}eaching \& {L}earning {J}apanese ({CASTEL/J})},
	location = {Nagoya},
	month = {August},
	pages = {1-4},
	url = {http://2012castelj.kshinagawa.com/proceedings/Poster/Poster8_Bor Hodoščekodoscek.pdf},
        keywords = {bor}
}

@inproceedings{CASTELJCao2012,
	author = {Hongquan Cao and Yutaka Yagi and Fumihiko Kuroda and Kikuko Nishina},
	editor = {},
	title = {Construction of Learner corpus {Natane} and possible application},
	year = {2012},
	eventtitle = {5$^{\textrm{th}}$ International Conference on {C}omputer {A}ssisted {S}ystems For {T}eaching \& {L}earning {J}apanese ({CASTEL/J})},
	location = {Nagoya},
	month = {August},
	pages = {1-4},
	url = {http://2012castelj.kshinagawa.com/proceedings/Poster/Poster5_Cao.pdf}
}

@incollection{Continuum2009,
	author = {Halliday, M.A.K. and M.I.M. Christian Matthiessen and Jonathan J. Webster and Clare Painter and James D. Benson and Paul J. Thibault and Elke Teich and Canzhong Wu and Elizabeth Armstrong and J.R. Martin and Ruqaiya Hasan and David G. Butt and Annabelle Lukin and Mick O'Donnell},
	editor = {Halliday, M.A.K. and Jonathan J. Webster},
	title = {},
	booktitle = {{Continuum Companion to Systemic Functional Linguistics}},
	publisher = {Continuum International Publishing Group},
	year = {2009}
}

@incollection{ContinuumHalliday2009,
	author = {Halliday, M.A.K.},
	editor = {Halliday, M.A.K. and Jonathan J. Webster},
	title = {Methods - techniques - problems},
	booktitle = {{Continuum Companion to Systemic Functional Linguistics}},
	publisher = {Continuum International Publishing Group},
	year = {2009},
	pages = {59--86}
}

@incollection{ContinuumHasan2009,
	author = {Hasan, Ruqaiya},
	editor = {Halliday, M.A.K. and Jonathan J. Webster},
	title = {The place of context in a systemic functional model},
	booktitle = {{Continuum Companion to Systemic Functional Linguistics}},
	publisher = {Continuum International Publishing Group},
	year = {2009}
}

@incollection{ContinuumKeywords2009,
	author = {Halliday, M.A.K. and Jonathan J. Webster},
	editor = {Halliday, M.A.K. and Jonathan J. Webster},
	title = {Keywords},
	booktitle = {{Continuum Companion to Systemic Functional Linguistics}},
	publisher = {Continuum International Publishing Group},
	year = {2009}
}

@incollection{ContinuumMartin2009,
	author = {Martin, J.R.},
	editor = {Halliday, M.A.K. and Jonathan J. Webster},
	title = {Discourse studies},
	booktitle = {{Continuum Companion to Systemic Functional Linguistics}},
	publisher = {Continuum International Publishing Group},
	year = {2009}
}

@incollection{ContinuumMatthiessen2009,
	author = {Matthiessen, M.I.M. Christian},
	editor = {Halliday, M.A.K. and Jonathan J. Webster},
	title = {Ideas \& new directions},
	booktitle = {{Continuum Companion to Systemic Functional Linguistics}},
	publisher = {Continuum International Publishing Group},
	year = {2009}
}

@incollection{ContinuumWu2009,
	author = {Wu, Canzhong},
	editor = {Halliday, M.A.K. and Jonathan J. Webster},
	title = {Corpus-based research},
	booktitle = {{Continuum Companion to Systemic Functional Linguistics}},
	publisher = {Continuum International Publishing Group},
	year = {2009}
}

@article{Dain2012,
	author = {Dain Kaplan and Iida, Ryu and Nishina, Kikuko and Tokunaga, Takenobu},
	title = {Slate - A Tool for Creating and Maintaining Annotated Corpora},
	journaltitle = {Journal for Language Technology and Computational Linguistics},
	publisher = {},
	volume = {26},
	number = {2},
	pages = {89--101},
	year = {2012},
	url = {http://www.cl.cs.titech.ac.jp/publication/673.pdf}
}

@article{Diaz2006,
  title={Error tagging systems for learner corpora},
  author={D{\'\i}az-Negrillo, A. and Fern{\'a}ndez Dom{\'\i}nguez, J.},
  journaltitle={Revista espa{\~n}ola de ling{\"u}{\'\i}stica aplicada},
  number={19},
  pages={83--102},
  year={2006},
  url = {http://dialnet.unirioja.es/descarga/articulo/2198610.pdf}
}

@book{DuBay2007,
	author = {DuBay, William H.},
	year = {2007},
	title = {Smart Language},
	subtitle = {Readers, Readability, and the Grading of Text},
	location = {Costa Mesa, California},
	publisher = {Impact Information}
}

@article{EAGLES1996,
	author = {{EAGLES}},
	year = {June 1996},
	title = {Expert Advisory Group on Language Engineering Standards Preliminary recommendations on text typology},
	publisher = {EAGLES Document EAG-TCWG-TTYP/P}
}

@inbook{Firth1957,
	author = {Firth, J. R.},
	year = {1957},
	title = {A synopsis of linguistic theory 1930--55},
	booktitle = {{Studies in Linguistic Analysis} (special volume of the {Philological Society})},
	pages = {1--32},
	location = {Oxford},
	publisher = {The Philological Society}
}

@inproceedings{Fujiike2011,
	author = {Fujiike, Yumi and Konishi, Hikaru and Ogura, Hideki and Ogiso, Toshinobu and Koiso, Hanae},
	file = {:home/bor/ResearchLibrary/NLP2011/pdf\_dir/P3-21.pdf:pdf},
	journaltitle = {{Proceedings of The 17$^{\textrm{th}}$ Annual Meeting of The Association for Natural Language Processing}},
	editor = {??},
	location = {Toyohashi, Japan},
	pages = {663--666},
	title = {Tyōtan'i ni motozuku `gendai nihongo kakikotoba kinkō kōpasu' no hinsihiritu ni kansuru bunseki},
	volume = {17},
	year = {2011}
}

@article{Granger2003,
        title    = {Error-tagged Learner Corpora and {CALL}: A Promising Synergy},
        author   = {Sylviane Granger},
        journaltitle  = {The Computer Assisted Language Instruction Consortium ({CALICO}) Journal},
        volume   = {20},
        number   = {3},
        pages    = {465--480},
        year     = {2003}
}

@book{Halliday2004,
	author = {Halliday, M.A.K. and Matthiessen, M.I.M. Christian},
	title = {An Introduction to Functional Grammar},
	edition = {3},
	publisher = {Hodder Education},
	year = {2004}
}

@inproceedings{Heilman2007,
	author = {Michael J. Heilman and Kevyn Collins-Thompson and Jamie Callan and Maxine Eskenazi},
	year = {2007},
	title = {Combining lexical and grammatical features to improve readability measures for first and second language texts},
	booktitle = {Proceedings of the {NAACL} {H}uman {L}anguage {T}echnology {C}onference},
	location = {Morristown, NJ},
	publisher = {Association for Computational Linguistics},
	pages = {460--467}
}

@inproceedings{Hodoscek2009,
	author = {Bor Hodošček and Andrej Bekeš and Kikuko Nishina},
	title = {Suiryōteki fukushi no kyōkijōhō ni motozuita genre betsu no bunmatsuhyōgen no bunseki},
	booktitle = {Shizengengoshori gakkai taikai dai 15 kai ronbunshū},
	pages = {598--601},
	year = {2009},
        keywords = {bor}
}

@inproceedings{ICJLEAbekawa2011,
	author = {阿辺川武 and ホドシチェク・ボル and 仁科喜久子},
	editor = {},
	title = {??},
	year = {2011},
	optbooktitle = {},
	optsubtitle = {},
	optbooksubtitle = {},
	optbooktitleaddon = {},
	eventtitle = {2011世界日本語教育研究大会},
	opteventdate = {},
	optvolume = {},
	optpart = {},
	optvolumes = {},
	optseries = {},
	optnumber = {},
	optorganization = {},
	optpublisher = {},
	location = {天津},
	month = {August},
	optisbn = {},
	pages = {??-??},
	optdoi = {},
        keywords = {bor}
}

@inproceedings{ICJLEAbekawa2012,
	author = {阿辺川武 and ホドシチェク・ボル and 仁科喜久子},
	editor = {},
	title = {??},
	year = {2012},
	optbooktitle = {},
	optsubtitle = {},
	optbooksubtitle = {},
	optbooktitleaddon = {},
	eventtitle = {2012世界日本語教育研究大会},
	opteventdate = {},
	optvolume = {},
	optpart = {},
	optvolumes = {},
	optseries = {},
	optnumber = {},
	optorganization = {},
	optpublisher = {},
	location = {名古屋},
	month = {August},
	optisbn = {},
	pages = {??-??},
	optdoi = {},
        keywords = {bor}
}

@inproceedings{ICJLEHodoscek2011,
	author = {ホドシチェク・ボル and 仁科喜久子},
	editor = {},
	title = {作文支援システムにおけるレジスターの扱い},
	year = {2011},
	optbooktitle = {},
	optsubtitle = {},
	optbooksubtitle = {},
	optbooktitleaddon = {},
	eventtitle = {2011世界日本語教育研究大会},
	opteventdate = {},
	volume = {2},
	optpart = {},
	volumes = {2},
	optseries = {},
	optnumber = {},
	optorganization = {},
	optpublisher = {},
	location = {天津},
	month = {August},
	optisbn = {},
	pages = {522--523},
	optdoi = {},
        keywords = {bor}
}

@inproceedings{ICJLEHodoscek2011E,
	author = {Bor Hodošček and Nishina, Kikuko},
	editor = {},
	title = {On the treatment of register in writing assistance systems},
	year = {2011},
	optbooktitle = {},
	optsubtitle = {},
	optbooksubtitle = {},
	optbooktitleaddon = {},
	eventtitle = {{International Conference on Japanese Language Education 2011}},
	opteventdate = {},
	volume = {2},
	optpart = {},
	optseries = {},
	optnumber = {},
	optorganization = {},
	optpublisher = {},
	location = {Tianjin, China},
	month = {August},
	optisbn = {},
	pages = {522--523},
	optdoi = {},
        keywords = {bor}
}

@inproceedings{ICJLEYagi2012,
	author = {八木豊 and ホドシチェク・ボル and 仁科喜久子},
	editor = {},
	title = {??},
	year = {2012},
	eventtitle = {2012世界日本語教育研究大会},
	location = {名古屋},
	month = {August},
	pages = {??-??},
        keywords = {bor}
}

@book{Ichikawa2010,
	author = {市川（編）},
	title = {日本語誤用辞典：外国人学習者の誤用から学ぶ日本語の意味用法と指導のポイント},
	publisher = {スリーエーネットワーク},
	year = {2010}
}

@inproceedings{JFujiike2011,
	author = {冨士池優美 and 小西光 and 小椋秀樹 and 小木曽智信 and 小磯花絵},
	file = {:home/bor/ResearchLibrary/NLP2011/pdf\_dir/P3-21.pdf:pdf},
	journaltitle = {言語処理学会大会発表論文集},
	pages = {663--666},
	title = {長単位に基づく『現代日本語書き言葉均衡コーパス』の品詞比率に関する分析},
	volume = {17},
	year = {2011}
}

@inproceedings{JHodoscek2009,
	author = {Bor Hodošček and Andrej Bekeš and 喜久子 仁科},
	editor = {???????},
	title = {推量的副詞の共起情報に基づいたgenre別の文末表現の分析},
	booktitle = {自然言語処理学会大会第15回論文集},
	pages = {598--601},
	year = {2009},
        keywords = {bor}
}

@article{JHodoscek2009b,
	author = {Hodošček, Bor and Kikuko Nishina},
	title = {「日本語コーパスを活用したオノマトペの計量言語学的アプローチ -ジャンルと型の相関-」},
	publisher = {Asian and African Studies},
	volume = {XIII},
	issue = {1},
	pages = {169--178},
	year = {2009},
        keywords = {bor}
}

@inproceedings{JHodoscek2009c,
	author = {Hodošček, Bor and Bekeš, Andrej and Nishina, Kikuko},
	title = {BCCWJに見られるオノマトペの型と共起との関連},
	booktitle = {特定領域研究「日本語コーパス」平成20年度公開ワークショップ予稿集},
	pages = {89--92},
	year = {2009},
        keywords = {bor}
}

@book{JKita1999,
	author = {北, 研二},
	editor = {辻井潤一},
	title = {確率的言語モデル},
	series = {言語と統計},
	publisher = {東京大学出版会},
	year = {1999}
}

@incollection{JKudou2000,
	author = {工藤, 浩},
	editor = {森山, 卓郎 and 仁田, 義雄 and 工藤, 浩},
	title = {副詞と文の陳述のタイプ},
	booktitle = {日本語文法3モダリティ},
	publisher = {岩波書店},
	pages = {161--234},
	year = {2000}
}

@inproceedings{JMaruyama2009,
	author = {丸山, 岳彦 and 山崎, 誠 and 柏野, 和佳子 and 佐野, 大樹 and 秋元, 祐哉 and 稲益, 佐知子 and 田中, 弥生 and 大矢, 内夢子},
	editor = {??????},
	title = {『現代日本語書き言葉均衡コーパス』におけるサンプリングの概要(3)},
	subtitle = {代表性を実現するためのサンプリング手法},
	booktitle = {科学研究費補助金特定領域「日本語コーパス」平成20年度公開ワークショップ(研究成果報告会)予稿集},
	pages = {33--42},
	year = {2009}
}

@book{JMinami1974,
	author = {南, 不二男},
	title = {現代日本語の構造},
	publisher = {大修館書店},
	year = {1974}
}

@phdthesis{JNishina1997,
	author = {喜久子 仁科},
	title = {科学技術日本語学習システム開発のための基礎的研究},
	school = {東京工業大学},
	year = {1997}
}

@book{JNishina2007,
	author = {仁科 喜久子 and 土井 みつる and 高野 知子},
	title = {初級文型で学ぶ科学技術の日本語},
	subtitle = {An Introduction to Technical Japanese},
	publisher = {スリーエーネットワーク},
	year = {2007}
}

@book{JSakuma2010,
	author = {Sakuma, Mayumi},
	title = {講義の談話の表現と理解},
	publisher = {くろしお出版},
	year = {2010}
}

@inproceedings{JSrdanovic2008,
	author = {Srdanović, Irena and Bekeš, Andrej and Nishina, Kikuko},
	editor = {},
	title = {複数のコーパスに見られる副詞と文末モダリティの遠隔共起関係},
	booktitle = {科学研究費補助金特定領域「日本語コーパス」平成19年度公開ワークショップ(研究成果報告会)予稿集},
	pages = {223--230},
	year = {2008}
}

@article{JSrdanovic2009,
	author = {Srdanović, Irena and Hodošček, Bor and Bekeš, Andrej and Nishina, Kikuko},
	title = {ウェブコーパスと検索システムを利用した推量副詞とモダリティ形式の遠隔共起抽出と日本語教育への応用},
	journaltitle = {自然言語処理},
	issuetitle = {??????},
	volume = {16},
	number = {4},
	pages = {29--46},
	year = {2009},
        keywords = {bor}
}

@book{JYamazaki2002,
	author = {山崎, 信年 and 富田, 豊 and 平林, 義彰 and 羽田, 野洋子},
	title = {科学技術日本語案内},
	edition = {新訂版},
	publisher = {慶應義塾大学出版会},
	year = {2002}
}

@book{Kagami,
	author = {{The National Language Research Institute}},
	location = {Tokyo},
	title = {Introduction to the Linguistic Atlas of Japan},
	subtitle = {Methodology},
	publisher = {Ōkurashō Insatsu},
	year = {1981},
	url = {http://www6.kokken.go.jp/laj_map/}
}

@article{Kageura2008,
	author = {Kageura, Kyo},
	title = {An Analysis of the Motivatedness Structure of {J}apanese Terminologies},
	journaltitle = {Mathematical Linguistics},
	publisher = {The Mathematical Linguistic Society of Japan},
	volume = {26},
	number = {7},
	pages = {241--263},
	year = {2008}
}

@article{Kawamura2000,
author="Kawamura, Yoshiko and Kitamura, Tatsuya and Hobara, Rei",
title="Development of a Reading Tutorial System for {JSL} and {JFL} Learners Using the {EDR} {Electronic Japanese-English Dictionary}",
journaltitle="Japan journal of educational technology",
ISSN="03855236",
publisher="Japan Society for Educational Technology",
year="2000",
month="aug",
volume="24",
number="",
pages="7--12",
URL="http://ci.nii.ac.jp/naid/10008760744/en/",
}

@article{Kawamura2001,
author="Kawamura, Yoshiko and Kitamura, Tatsuya",
title={Development of a {Japanese} Reading Resource Bank Using the {Internet}},
journaltitle={Current report on {Japanese}-language education around the globe},
ISSN="13403184",
publisher="The Japan Foundation",
year="2001",
month="mar",
volume="6",
number="",
pages="241--255",
URL="http://ci.nii.ac.jp/naid/110001046390/en/",
}

@inproceedings{Kilgarriff2004,
    author = {Adam Kilgarriff and Pavel Rychly and Pavel Smrz and David Tugwell},
    title = {{The Sketch Engine}},
    booktitle = {Proceedings of {EURALEX}},
    location  = {Lorient, France},
    month= {July},
    pages= {105--116},
    year = {2004}
}

@incollection{Kudou2000,
	author = {Hiroshi Kudō},
	editor = {Moriyama, Takurō and Yoshio Nitta and Hiroshi Kudō},
	title = {Hukusi to bun no tinzyutu-teki na taipu},
	booktitle = {Nihongo bunpō 3 modariti},
	publisher = {Iwanami Shoten},
	pages = {161--234},
	year = {2000}
}

@book{Labov1994,
	author = {William Labov},
	title = {Principles of Linguistic Change, Internal Factors},
	publisher = {Blackwell Publishers},
	volume = {I},
	year = {1994}
}

@article{LHaire2003,
  title={Error Diagnosis in the {FreeText} Project},
  author={L'Haire, S. and Faltin, A.V.},
  journaltitle={The Computer Assisted Language Instruction Consortium ({CALICO}) Journal},
  volume={20},
  number={3},
  pages={481--495},
  year={2003},
  publisher={ERIC},
  url = {https://calico.org/a-290-Error%20Diagnosis%20in%20the%20FreeText%20Project.html}
}

@article{Lee2001,
	author = {David Y W Lee},
	title = {Genres, Registers, Text Types, Domains, and Styles},
	subtitle = {Clarifying the Concepts and Navigating a Path Through the {BNC} Jungle},
	journaltitle = {Language Learning \& Technology},
	url = {http://llt.msu.edu/vol5num3/pdf/lee.pdf},
	urlseen = {July 20, 2011},
	volume = {5},
	number = {3},
	pages = {37--72},
	year = {2001}
}

@book{Longman2001,
	publisher = {Pearson ESL},
	edition = {1},
	year = {2002},
	title = {Longman Student Grammar of Spoken and Written English}
}

@inproceedings{Maekawa2007,
	author = {Maekawa, Kikuo},
	year = {2007},
	title = {{KOTONOHA} and {BCCWJ}},
	subtitle = {Development of a {B}alanced {C}orpus of {C}ontemporary {W}ritten {J}apanese},
	series = {Corpora and Language Research},
	booktitle = {Proceedings of the First International Conference on {Korean} Language, Literature, and Culture},
	location = {Seoul},
	volume = {2},
	pages = {158--177}
}

@inproceedings{Maekawa2007b,
	author = {Kikuo Maekawa},
	title = {Design of a balanced corpus of contemporary written {J}apanese},
	booktitle = {Proceedings of the Symposium on {L}arge-Scale {K}nowledge {R}esources ({LKR2007})},
	date = {2007-03-01/2007-03-03},
	location = {Tokyo, Japan},
        venue    = {Tokyo Institute of Technology},
	pages = {55--58}
}

@inproceedings{Maekawa2011,
author={Maekawa, Kikuko},
booktitle={{2011 International Conference on Speech Database and Assessments (Oriental COCOSDA)}},
title={Linguistics-oriented language resource development at the {National Institute for Japanese Language and Linguistics}},
year={2011},
month={oct.},
pages={1--6},
keywords={Decision support systems;Helium;Internet;linguistics;natural language processing;speech processing;10-billion-word ultra-large-scale Web-based corpus project;BCCWJ;Balanced Corpus of Contemporary Written Japanese;CSJ;Corpus of Spontaneous Japanese;Japanese corpus compilation initiative;Japanese language resource development;KOTONOHA;NINJAL Center for Corpus Development;NLRI;National Institute for Japanese Language and Linguistics;National Language Research Institute;Taiyo Corpus;linguistics-oriented language resource development;BCCWJ;Corpus;KOTONOHA;NINJAL;},
doi={10.1109/ICSDA.2011.6085971},
}

@book{Manning2003,
	author = {Christopher D. Manning and Hinrich Schütze},
	title = {Foundations of Statistical Natural Language Processing},
	publisher = {The MIT Press},
	edition = {6},
	year = {2003}
}

@inproceedings{Maruyama2009,
	author = {Maruyama, Takehiko and Yamazaki, Makoto and Kashino, Wakako and Sano, Motoki and Akimoto, Masaki and Inamasu, Sachiko and Tanaka, Yayoi and Oyauchi, Yumeko},
	title = {`Gendai nihongo kakikotoba kinkō kōpasu' ni okeru sanpuringu no gaiyō (3)},
	subtitle = {Daihyōsei o jitsugensuru tame no sanpuringu shuhō},
	booktitle = {Tokutei ryōiki `Nihongo kōpasu' hēsē 20 nendo kōkai wākushoppu (kenkyū sēka hōkokukai) yokōshū},
	pages = {33--42},
	year = {2009}
}

@inproceedings{Maruyama2010,
	author = {Maruyama, Takehiko and Yamazaki, Makoto and Kashino, Wakako and Sano, Motoki and Akimoto, Masaki and Inamasu, Sachiko and Tanaka, Yayoi and Oyauchi, Yumeko},
	title = {Outline of Sampling Method in the {Balanced Corpus of Contemporary Written Japanese} (4)},
	subtitle = {Corpus Design and the Result of Sampling},
	booktitle = {Tokutei ryōiki `Nihongo kōpasu' hēsē 21 nendo kōkai wākushoppu (kenkyū sēka hōkokukai) yokōshū},
	pages = {37--46},
	year = {2010}
}

@article{Matsuyoshi2007,
	author = {Suguru Matsuyoshi and Satoshi Sato and Takehito Utsuro},
	title = {Nihongo kinō hyōgen jisho no hensai},
	journaltitle = {Journal of Natural Language Processing},
	year = {2007},
	volume = {14},
	number = {5},
	pages = {123--146}
}

@article{Matsuyoshi2008b,
	author = {Suguru Matsuyoshi and Satoshi Sato},
	title = {Buntai to nan'ido o seigyokanōna nihongo kinō hyōgen no iikae},
	journaltitle = {Journal of Natural Language Processing},
	year = {2008},
	volume = {15},
	number = {2},
	pages = {75--99}
}

@book{Minami1974,
	author = {Minami, Fujio},
	title = {Gendai nihongo no kōzō},
	publisher = {Taishukan Publishing Co., Ltd.},
	year = {1974}
}

@article{Mizumoto2012,
   author	 = "水本,智也 and 小町,守",
   title	 = "不自然言語処理 -枠に収まらない「リアルな」言語処理-：3.なんで日本語はこんなに難しいなの？-リアルな日本語学習者コーパスの分析と言語処理の課題-",
   journaltitle	 = "情報処理",
   year 	 = "2012",
   volume	 = "53",
   number	 = "3",
   pages	 = "217--223",
   month	 = "feb"
}

@article{Mizumoto2012E,
   author	 = "Mizumoto, Tomoya and Mamoru Komachi",
   title	 = {{Robust NLP for Real-world Data: 3. Why is Japanese so Hard to Learn?---A Preliminary Investigation on Realistic Japanese Learners' Corpus and Application of Natural Language Processing to Japanese Language Learning and Education---}},
   journaltitle	 = {{IPSJ Magazine}},
   year 	 = "2012",
   volume	 = "53",
   number	 = "3",
   pages	 = "217--223",
   month	 = "feb"
}

@book{Muysken2008,
	author = {Muysken, Pieter},
	title = {Functional Categories},
	series = {Cambridge Studies in Lingustics},
	publisher = {Cambridge University Press},
	year = {2008}
}

@book{Nation2001,
  title={Learning Vocabulary in Another Language},
  author={Nation, I.S.P.},
  isbn={9780521800921},
  lccn={2001269892},
  series={Cambridge Applied Linguistics},
  url={http://books.google.co.jp/books?id=sKqx8k8gYTkC},
  year={2001},
  publisher={Cambridge University Press}
}

@inproceedings{NCHodoscek2012,
	author = {Bor Hodošček and Kikuko Nishina},
	editor = {},
	title = {BCCWJにおける出典情報とトピックおよびレジスターとの関係},
	year = {2012},
	booktitle = {第一回コーパス日本語学ワークショップ予稿集},
	optsubtitle = {},
	optbooksubtitle = {},
	optbooktitleaddon = {},
	eventtitle = {第1回日本語コーパスワークショップ},
	opteventdate = {},
	optvolume = {},
	optpart = {},
	optvolumes = {},
	optseries = {},
	optnumber = {},
	optorganization = {},
	optpublisher = {},
	location = {Tokyo},
	month = {March},
	optisbn = {},
	pages = {??},
	opturl = {},
	opturldate = {},
        keywords = {bor}
}

@inproceedings{NCHodoscek2012E,
	author = {Bor Hodošček and Kikuko Nishina},
	origtitle = {{BCCWJ} ni okeru shuttenjōhō to topikku oyobi rejisutā to no kankei},
        title = {Comparison of metadata with topic and register in the {BCCWJ}},
        booktitle = {第一回コーパス日本語学ワークショップ予稿集},
        eventtitle = {第1回日本語コーパスワークショップ},
        year  = {2012},
	location = {Tokyo},
	month = {March},
        keywords = {bor}
}

@inproceedings{NCYagi2012E,
	author = {Yagi, Yutaka and Bor Hodošček and Kikuko Nishina},
	origtitle = {{BCCWJ to gakushūsha sakubun kōpasu o riyōshita nihongo sakubun shien}},
        title     = {Japanese writing assistance using the {BCCWJ} and a learner corpus},
	year = {2012},
	booktitle = {{Dai ikkai kōpasu nihongogaku wākushoppu yokōshū [Proceeding of the first workshop on Japanese corpus linguistics]}},
	eventtitle = {{Dai ikkai nihongo kōpasu wākushoppu [First workshop on Japanese corpus linguistics]}},
	location = {Tokyo},
	month = {March},
        keywords = {bor}
}


@inproceedings{NLPAbekawa2011,
	author = {阿辺川武 and ホドシチェク・ボル and 仁科喜久子},
	title = {語の共起を効率的に検索できる日本語作文支援システム「なつめ」の紹介},
	year = {2011},
	optkey = {},
	optsubtitle = {},
	opttitleaddon = {},
	optmaintitle = {},
	optmainsubtitle = {},
	optmaintitleaddon = {},
	eventtitle = {言語処理学会第17回年次大会発表論文集},
	opteventdate = {},
	optvenue = {},
	optlanguage = {},
	volume = {17},
	optpart = {},
	optvolumes = {},
	optseries = {},
	optnumber = {},
	optnote = {},
	optorganization = {},
	publisher = {言語処理学会},
	location = {富山},
	month = {March},
	optisbn = {},
	pages = {595-598},
	optpagetotal = {},
	optaddendum = {},
	optpubstate = {},
	optdoi = {},
	opteprint = {},
	opteprintclass = {},
	opteprinttype = {},
	opturl = {},
	opturldate = {},
	optannote = {}
}

@inproceedings{NLPAbekawa2011E,
	author = {Takeshi Abekawa and Hodošček, Bor and Nishina, Kikuko},
	title = {Introduction to efficient collocation search in {Japanese} writing assistance system {Natsume}},
	origtitle = {Go no kyōki o kōritsuteki ni kensaku dekiru nihongo sakubun shien shisutemu {Natsume} no shōkai},
	year = {2011},
	optkey = {},
	optsubtitle = {},
	opttitleaddon = {},
	optmaintitle = {},
	optmainsubtitle = {},
	optmaintitleaddon = {},
	eventtitle = {{Proceedings of The 17$^{\textrm{th}}$ Annual Meeting of The Association for Natural Language Processing}},
	opteventdate = {},
	optvenue = {},
	optlanguage = {},
	volume = {17},
	optpart = {},
	optvolumes = {},
	optseries = {},
	optnumber = {},
	optnote = {},
	optorganization = {},
	publisher = {The Association for Natural Language Processing},
	location = {Toyama},
	month = {March},
	optisbn = {},
	pages = {595-598},
	optpagetotal = {},
	optaddendum = {},
	optpubstate = {},
	optdoi = {},
	opteprint = {},
	opteprintclass = {},
	opteprinttype = {},
	opturl = {},
	opturldate = {},
	optannote = {},
        keywords = {bor}
}

@book{Narrog2009,
	author = {Narrog, Heiko},
	title = {Modality in Japanese},
	subtitle = {The Layered Structure of the Clause and Hierarchies of Functional Categories},
	series = {Studies in Language Companion Series},
	publisher = {John Benjamins Pub. Co.},
	year = {2009}
}

@phdthesis{Nishina1997,
	author = {Kikuko Nishina},
	title = {Kagaku gijutsu nihongo gakushū shisutemu kaihatu no tame no kisoteki kenkyū},
	school = {Tokyo Institute of Technology},
	year = {1997}
}

@book{Nishina2001,
  origtitle={Yasashi kagaku gijutsu nihongo dokkai nyūmon (kaitei-ban)},
  title    ={A Gentle Introduction to Scientific and Technical {Japanese} Reading Comprehension (revised edition)},
  author={Nishina, Kikuko},
  year={2001},
  publisher={International Student Center, Tokyo Institute of Technology}
}

@InProceedings{Nishina2002,
  title={Kōbun hyōji to tagengo intāfēsu o sonaeta nihongo dokkai gakushū shien shisutemu no kaihatsu [{Development} of a Reading Assistance System for {Japanese} Language Containing Grammar Display and Multilingual Interface Features]},
  author={Nishina, Kikuko and Manabu Okumura and Yutaka Yagi and Norihisa Totugi and Takashi Sawaya and Liang Fu and Shigeki Sugimoto and Takeshi Abekawa},
  booktitle={Proceedings of the 8$^{\textrm{th}}$ Conference of the {Association of Natural Language Processing}},
  pages={228--231},
  year={2002},
  publisher={Association of Natural Language Processing}
}

@InProceedings{Nishina2004,
        author   = {Nishina, Kikuko and Okumura, M. and Takeshi Abekawa and Yutaka Yagi and Slaven Bilac and Liang Fu},
        year     = {2004},
        title    = {Asunaro {CALL} System: Combining Multilingual with Multimedia},
        booktitle= {International Symposium on {Large-scale Knowledge Resources} {LKR} 2004},
        location = {Tokyo, Japan},
        venue    = {Tokyo Institute of Technology},
        date     = {2004-03-08/2004-03-09},
        pages    = {69--72}
}

@book{Nishina2007,
	author = {Nishina, Kikuko and Mitsuru Doi and Tomoko Takano},
	title = {An Introduction to Technical Japanese},
	publisher = {3anet},
	year = {2007}
}

@inproceedings{Ogiso2010,
	author = {Ogiso, et. al},
	title = {Keitaiso kaiseki jisho no benchimāku tesuto},
	subtitle = {--IPAdic, NAIST-jdic, UniDic no janrubetsu seido hikaku--},
	booktitle = {Proceedings of the 16$^{\textrm{th}}$ Conference of the Association of Natural Language Processing},
	pages = {},
	year = {2010}
}

@inproceedings{Ogura2006,
	author = {Ogura, Hideki},
	title = {Gendai Nihongo Kakikotoba kopasu, Tan-tan'i kitei shu version 1.2},
	booktitle = {Tokutei ryōiki `Nihongo kōpasu' hēsē 18 nendo kenkyū sēka hōkokusho},
	year = {2006}
}

@inproceedings{Ogura2010,
	author = {Ogura, Hideki, {et. al}},
	title = {`Gendai nihongo kakikotoba kinkō kōpasu' keitairon jōhō kiteishū dai 3 han},
	booktitle = {Tokutei ryōiki kenkyū `nihongo kōpasu' hēsē 21 nendo kenkyū sēka hōkokusho},
	year = {2010}
}

@book{Oikawa1998,
	author = {Oikawa, T.},
	title = {Jinbunkagaku to kopyūtâ DATABASE},
	volume = {1},
	publisher = {Sōgō kenkyū daigaku},
	year = {1998}
}

@book{Palmer2001,
	author = {Palmer, F.R.},
	title = {Mood and Modality},
	edition = {2$^{\textrm{nd}}$ edition},
	series = {Cambridge Textbooks in Lingustics},
	publisher = {Cambridge University Press},
	year = {2001}
}

@inbook{Pawley1983,
	author = {Pawley, A. and Syder, F. H.},
	year = {1983},
	title = {Two Puzzles for Linguistic Theory},
	subtitle = {Nativelike Selection and Nativelike Fluency},
	booktitle = {{Language and Communication}},
	editors = {J. C. Richards and R. W. Schmidt},
	pages = {191--226},
	location = {London},
	publisher = {Longman}
}

@article{Peterson2009,
	author = {Peterson, S. and M. Ostendorf},
	year = {2009},
	title = {A machine learning approach to reading level assessment},
	journaltitle = {Computer Speech and Language},
	volume = {23},
	number = {1},
	url = {http://www.cs.pitt.edu/~litman/courses/slate/pdf/csl09.pdf},
	pages = {89--106}
}

@inproceedings{Pitler2008,
	author = {Pitler, Emily & Ani Nenkova},
	year = {2008},
	title = {Revisiting Readability},
	subtitle = {A Unified Framework for Predicting Text Quality},
	booktitle = {EMNLP '08 Proceedings of the Conference on Empirical Methods in Natural Language Processing},
	pages = {186--195}
}

@manual{R,
	title = {R: A Language and Environment for Statistical Computing},
	author = {{R Development Core Team}},
	organization = {R Foundation for Statistical Computing},
	address = {Vienna, Austria},
	year = {2011},
	note = {{ISBN} 3-900051-07-0},
	url = {http://www.R-project.org}
}

@article{SeijiKasahara:2011-09-09,
        author="Kasahara, Seiji and Mamoru Komachi and Masaaki Nagata and Yuuji Matsumoto",
        title="Error Correcting Romaji-kana Conversion for {Japanese} Language Education",
        journaltitle="IPSJ SIG Notes",
        ISSN="",
        publisher={Information Processing Society of Japan (IPSJ)},
        year="2011",
        month="sep",
        volume="2011",
        number="4",
        pages="1-6",
        URL="http://ci.nii.ac.jp/naid/110008606703/en/",
        DOI="",
}

@article{STJEHodoscek2011,
	author = {Bor Hodošček and Takeshi Abekawa and Andrej Bekeš and Kikuko Nishina},
	title = {Assisting Co-occurrence Production in Report Writing},
	journaltitle = {{J}ournal of {T}echnical {J}apanese {E}ducation},
	year = {2011},
	subtitle = {Evaluation of Writing Assistance Tool {Natsume}},
	volume = {13},
	pages = {33--40},
	optnumber = {},
	optpages = {},
	optdoi = {},
	opturl = {},
	opturldate = {},
        keywords = {bor}
}

@article{STJEJHodoscek2011,
	author = {Hodošček, Bor and 阿辺川武 and Bekeš, Andrej and 仁科喜久子},
	title = {レポート作成のための共起表現産出支援},
	journaltitle = {『専門日本語教育研究』},
	year = {2011},
	subtitle = {作文支援ツール「なつめ」の使用効果},
	volume = {13},
	pages = {33--40},
	optnumber = {},
	optpages = {},
	optdoi = {},
	opturl = {},
	opturldate = {},
        keywords = {bor}
}

@inproceedings{STJEOral2011,
	author = {ホドシチェク・ボル and 仁科喜久子},
	title = {作文支援システム「なつめ」利用によるアカデミック日本語表現の学習効果},
	englishtitle = {Learning Effect on Academic {J}apanese Expression Usage with Writing Support System {N}atsume},
	year = {2011},
	month = {March},
	eventtitle = {第13回専門日本語教育学会研究討論会},
	venue = {東北大学青葉山キャンパス青葉記念会館},
	pages = {1-2},
	url = {http://stje.kir.jp/download/13STJE_discussion.pdf},
        keywords = {bor}
}

@book{Sakuma2010,
	author = {Sakuma, Mayumi},
	title = {Expression and Comprehension of {Japanese} Lecture Discourse},
	publisher = {Kuroshio Publishers},
	year = {2010}
}

@book{Sampson2001,
	author = {Sampson, Geoffrey},
	title = {Empirical Linguistics},
	publisher = {Continuum},
	year = {2001}
}

@article{Sato2008,
	author = {Satoshi Sato and Suguru Matsuyoshi and Yohsuke Kondoh},
	year = {2008},
	title = {Automatic Assessment of {Japanese} Text Readability Based on a Textbook Corpus},
	booktitle = {LREC-08},
	pages = {654--660}
}

@InProceedings{Kondoh2008,
       author     = {近藤 陽介 and 松吉 俊 and 佐藤 理史},
       title      = {教科書コーパスを用いた日本語テキストの難易度推定},
       eventtitle = {言語処理学会第14回年次大会},
       booktitle  = {言語処理学会第14回年次大会発表論文集},
       pages      = {1113--1116},
       year       = {2008}
}

@book{Saussure1959,
	author = {Saussure, Ferdinand de},
	translator = {Wade Baskin},
	title = {Course in general linguistics},
	publisher = {Philosophical Library},
	location = {New York},
	year = {1959},
	url = {http://www.archive.org/details/courseingenerall00saus}
}

@article{Shibasaki2010,
	author = {Hideko Shibasaki and Shin-ichiro Hara},
	year = {2010},
	title = {12 gakunen o nan'ishakudo to suru nihongo rīdabiritī hanteishiki ({Japanese} Readability Formula for Discriminating K-12 Grade Level Texts)},
	journaltitle = {Mathematical Linguistics},
	volume = {27},
	number = {6},
	pages = {215--232}
}

@article{Shimodaira2004,
	author = {Shimodaira, H.},
	year = {2004},
	title = {Approximately unbiased tests of regions using multistep-multiscale bootstrap resampling},
	journaltitle = {Annals of Statistics},
	volume = {32},
	pages = {2616--2641}
}

@inproceedings{Srdanovic2008,
	author = {Srdanović, Irena and Bekeš, Andrej and Nishina, Kikuko},
	editor = {},
	title = {},
	booktitle = {},
	pages = {223--230},
	year = {2008}
}

@article{Srdanovic2008c,
  title={A Web Corpus and Word Sketches for {Japanese}},
  author={Irena Srdanović-Erjavec and Tomaz Erjavec and Adam Kilgarriff},
  journaltitle={Information and Media Technologies},
  volume={3},
  number={3},
  pages={529-551},
  year={2008}
}

@inproceedings{Srdanovic2008a,
	author    = {Irena Srdanović-Erjavec and Bekeš, Andrej and Nishina, Kikuko},
	editor    = {Tokunaga, Takenobu and Antonio Ortega},
	title     = {Distant Collocations between Suppositional Adverbs and Clause-Final Modality Forms in {Japanese} Language Corpora},
	booktitle = {Third International Conference on {L}arge-Scale {K}nowledge {R}esources ({LKR2008})},
        series    = {Lecture Notes in Computer Science 4938},
	publisher = {Springer-Verlag Berlin Heidelberg},
        location  = {Tokyo, Japan},
        isbn      = {978-3-540-78158-5},
	pages     = {252--266},
	month     = {3},
	year      = {2008}
}

@article{Srdanovic2009,
	author = {Srdanović, Irena and Hodošček, Bor and Bekeš, Andrej and Nishina, Kikuko},
	title = {Extraction of Suppositional Adverb and Clause-Final Modality Form Distant Collocations Using a Web Corpus and Corpus Query System and its Application to {J}apanese Language Learning},
	journaltitle = {Journal of Natural Language Processing},
	location = {Japan},
	volume = {16},
	number = {4},
	pages = {29--46},
	year = {2009},
        keywords = {bor}
}

@book{Swales1990,
  title={Genre Analysis},
  subtitle={English in Academic and Research Settings},
  series={Cambridge Applied Linguistics},
  author={Swales, J.},
  year={1990},
  publisher={Cambridge University Press}
}


@article{Tanaka2010,
	author = {Kumiko Tanaka-Ishii and Satoshi Tezuka and Hiroshi Terada},
	year = {2010},
	title = {Sorting Texts by Readability},
	volume = {36},
	number = {2},
	journaltitle = {Computational Linguistics},
	pages = {203--227}
}

@inproceedings{Tateisi1988,
	author = {Yuka Tateisi and Yoshihiko Ono and Hisao Yamada},
	year = {1988},
	title = {A computer readability formula of {J}apanese texts for machine scoring},
	booktitle = {Proceedings of the 12$^{\textrm{th}}$ Conference on Computational Linguistics},
	volume = {2},
	pages = {649--654}
}

@article{Terry2012,
	title = {Orthographic representation and variation within the {J}apanese writing system},
	subtitle = {Some corpus-based observations},
	author = {Joyce, Terry and Hodošček, Bor and Nishina, Kikuko},
	editor = {Terry Joyce and David Roberts},
	issuetitle = {{Special Issue on Units of Language -- Units of Writing}},
	volume = {15},
	number = {2},
	journaltitle = {{Written Language and Literacy}},
	publisher = {{John Benjamins Publishing Company}},
	pages = {254--278},
	year = {2012},
	issn = {1387-6732},
        keywords = {bor}
}

@article{Oono2011,
author="Oono, Hiroyuki and Inazumi, Hiroshige",
title={Support Tool of {Japanese} Document Proofreading and Polish : {Tomarigi} : Overview of efforts to support and labor-saving, for the labor of correction},
journaltitle="Research report of JSET Conferences",
ISSN="",
publisher="JSET",
year="2011",
month="mar",
volume="2011",
number="1",
pages="325--332",
URL="http://ci.nii.ac.jp/naid/10029781745/en/",
DOI="",
}

@book{Widdows2004,
	author = {Widdows, Dominic},
	title = {Geometry and Meaning},
	series = {Center for the Study of Language and Information - Lecture Notes},
	publisher = {Center for the Study of Language and Information},
	edition = {1},
	year = {2002}
}

@book{Yamazaki2002,
	author = {Yamazaki, Nobutoshi and Tomita, Yutaka and Hirabayashi, Yoshiaki and Hatano, Yoko},
	title = {Handbook of Scientific and Technical {J}apanese},
	edition = {New Edition},
	publisher = {Keio University Press, Inc.},
	year = {2002}
}

@article{Yoshihashi2007,
	author = {Yoshihashi, Kenji and Fu, Liang and Nishina, Kikuko},
	title = {Japanese Language Learning Support System: {Asunaro} and {Natsume}},
	journaltitle = {The Inaugural Workshop on Computational Japanese Studies},
	pages = {9--10},
	month = {3},
	year = {2007}
}
